@FOOTNOTE{Note1,key="Note1",note="This testing suite was executed continuously in a GitHub workflow, ensuring the validity of each commit and experiment."}
