@misc{hjorthjensen_week35,
  author       = {Morten Hjorth-Jensen},
  title        = {Machine Learning Lecture Notes, Week 35},
  year         = {2025},
  howpublished = {\url{https://github.com/CompPhysics/MachineLearning/blob/master/doc/LectureNotes/week35.ipynb}},
  note         = {Accessed: 2025-10-03}
}

@misc{hjorthjensen_week36,
  author       = {Morten Hjorth-Jensen},
  title        = {Machine Learning Lecture Notes, Week 36},
  year         = {2025},
  howpublished = {\url{https://github.com/CompPhysics/MachineLearning/blob/master/doc/LectureNotes/week36.ipynb}},
  note         = {Accessed: 2025-10-03}
}

@misc{hjorthjensen_week37,
  author       = {Morten Hjorth-Jensen},
  title        = {Machine Learning Lecture Notes, Week 37},
  year         = {2025},
  howpublished = {\url{https://github.com/CompPhysics/MachineLearning/blob/master/doc/LectureNotes/week37.ipynb}},
  note         = {Accessed: 2025-10-03}
}

@misc{hjorthjensen_week38,
  author       = {Morten Hjorth-Jensen},
  title        = {Machine Learning Lecture Notes, Week 38},
  year         = {2025},
  howpublished = {\url{https://github.com/CompPhysics/MachineLearning/blob/master/doc/LectureNotes/week38.ipynb}},
  note         = {Accessed: 2025-10-03}
}

@article{mehta2019highbias,
  author    = {Mehta, Pratik and Schwab, David J.},
  title     = {A high-bias, low-variance introduction to Machine Learning},
  journal   = {arXiv preprint},
  year      = {2019},
  url       = {https://www.ncbi.nlm.nih.gov/pmc/articles/PMC6688775/},
  note      = {PMC, accessed 2025-10-03}
}

@article{aiken2021framework,
  author    = {Aiken, J. M. and others},
  title     = {Framework for evaluating statistical models in physics},
  journal   = {Physical Review Physics Education Research},
  volume    = {17},
  number    = {2},
  pages     = {020104},
  year      = {2021},
  doi       = {10.1103/PhysRevPhysEducRes.17.020104},
  url       = {https://link.aps.org/doi/10.1103/PhysRevPhysEducRes.17.020104}
}

@article{runge1901,
  author  = {Runge, Carl},
  title   = {Über empirische Funktionen und die Interpolation zwischen äquidistanten Ordinaten},
  note    = {English translation: "On empirical functions and interpolation between equidistant ordinates"},
  journal = {Zeitschrift für Mathematik und Physik},
  year    = {1901},
  volume  = {46},
  pages   = {224--243}
}

@misc{scikit-learn-resample,
  author       = {Scikit-learn developers},
  title        = {Glossary: resample},
  year         = {2024},
  howpublished = {\url{https://scikit-learn.org/stable/modules/generated/sklearn.utils.resample.html}},
  note         = {Accessed: 2025-10-04}
}

@misc{scikit-learn-crossvalidation,
  author       = {Scikit-learn developers},
  title        = {Cross-validation: evaluating estimator performance},
  year         = {2024},
  howpublished = {\url{https://scikit-learn.org/stable/modules/cross_validation.html}},
  note         = {Accessed: 2025-10-04}
}

@misc{numpy-seed,
  author       = {NumPy Developers},
  title        = {numpy.random.seed},
  year         = {2024},
  howpublished = {\url{https://numpy.org/doc/2.2/reference/random/generated/numpy.random.seed.html\#numpy.random.seed}},
  note         = {Accessed: 2025-10-04}
}
